<?xml version="1.0" encoding="UTF-8"?><collection xmlns="http://www.loc.gov/MARC21/slim"><record><leader>00543nam--2200145-i-4500</leader><controlfield tag="001">000014083</controlfield><controlfield tag="002">20161230</controlfield><controlfield tag="005">20161230201030</controlfield><controlfield tag="008">060222s1000------------r-----000-0-eng-d</controlfield><datafield ind1=" " ind2=" " tag="080"><subfield code="a">519.68(075.8)</subfield></datafield><datafield ind1=" " ind2=" " tag="100"><subfield code="a">Ilie Vaduva, Vasile Florescu, Dan Farcas, Gheorghe Popa Si Nicolae Mihoci</subfield></datafield><datafield ind1=" " ind2=" " tag="245"><subfield code="a">Autoinstruire in programare, date, algoritm limbajul cobol, depanare, cartele de co manda. programe complexe</subfield></datafield><datafield ind1=" " ind2=" " tag="260"><subfield code="a">Bucuresti, Editura Tehnica, 1982 406 P</subfield></datafield><datafield ind1=" " ind2=" " tag="490"><subfield code="a">Initiere, Automatica-informatica-electronica Management</subfield></datafield><datafield ind1=" " ind2=" " tag="852"><subfield code="a">4986L</subfield></datafield></record></collection>